@article{Lawrence,
  title = {Face Recognition: A Convolutional Neural-Network Approach},
  author = {Lawrence, S. and Giles, L. and Tsoi, A. C. and Back, A. D.},
  journal = {IEEE Transactions on Neural Networks},
  volume = {8},
  pages = {98--113},
  year = {1997},
  month = {Apr},
  publisher = {IEEE},
  doi = {10.1109/72.554195}
}

@article{Matsugu,
  title = {Subject independent facial expression recognition with robust face detection using a convolutional neural network},
  author = {Matsugu, M. and Mori, K. and Mitari Y. and Kaneda Y.}
  journal = {Neural Networks}
  volume = {16},
  pages = {555--559},
  year = {2003},
  publisher = {Elsevier}
}
